<mx:record xmlns="http://www.w3.org/TR/xhtml1/strict" xmlns:mx="http://www.loc.gov/MARC21/slim" xmlns:xsi="http://www.w3.org/2001/XMLSchema-instance"><mx:leader>00000cz  a2200000n  45 0</mx:leader><mx:controlfield tag="001">oca07768923 </mx:controlfield><mx:controlfield tag="005">20080527132328.0</mx:controlfield><mx:controlfield tag="008">080514n| acannaabn          |a aaa     c</mx:controlfield><mx:datafield ind1=" " ind2=" " tag="010"><mx:subfield code="a">no2008072441</mx:subfield></mx:datafield><mx:datafield ind1=" " ind2=" " tag="040"><mx:subfield code="a">UPB</mx:subfield><mx:subfield code="b">eng</mx:subfield><mx:subfield code="c">UPB</mx:subfield><mx:subfield code="d">DLC</mx:subfield></mx:datafield><mx:datafield ind1="0" ind2=" " tag="100"><mx:subfield code="a">Philetaerus,</mx:subfield><mx:subfield code="d">4th cent. B.C.</mx:subfield></mx:datafield><mx:datafield ind1="0" ind2=" " tag="400"><mx:subfield code="a">Philetairos,</mx:subfield><mx:subfield code="d">4th cent. B.C.</mx:subfield></mx:datafield><mx:datafield ind1=" " ind2=" " tag="670"><mx:subfield code="a">Six comic poets, 2008:</mx:subfield><mx:subfield code="b">p. 221 (Philetaerus, Philetairos; first Lenaian victory between 372 and 366 B.C.; son of Aristophanes)</mx:subfield></mx:datafield></mx:record>